@article{hinton2015distilling,
  title={Distilling the knowledge in a neural network},
  author={Hinton, Geoffrey and Vinyals, Oriol and Dean, Jeff},
  journal={arXiv preprint arXiv:1503.02531},
  year={2015}
}
@InProceedings{Li_2018_ECCV,
author = {Li, Yin and Liu, Miao and Rehg, James M.},
title = {In the Eye of Beholder: Joint Learning of Gaze and Actions in First Person Video},
booktitle = {ECCV},
year = {2018}
} 
@inproceedings{krizhevsky2012imagenet,
  title={Imagenet classification with deep convolutional neural networks},
  author={Krizhevsky, Alex and Sutskever, Ilya and Hinton, Geoffrey E},
  booktitle={NIPS},
  year={2012}
}
@inproceedings{szegedy2015going,
  title={Going deeper with convolutions},
  author={Szegedy, Christian and Liu, Wei and Jia, Yangqing and Sermanet, Pierre and Reed, Scott and Anguelov, Dragomir and Erhan, Dumitru and Vanhoucke, Vincent and Rabinovich, Andrew},
  booktitle={CVPR},
  year={2015}
}
@inproceedings{he2016deep,
  title={Deep residual learning for image recognition},
  author={He, Kaiming and Zhang, Xiangyu and Ren, Shaoqing and Sun, Jian},
  booktitle={CVPR},
  year={2016}
}
@inproceedings{simonyan2014very,
  title={Very deep convolutional networks for large-scale image recognition},
  author={Simonyan, Karen and Zisserman, Andrew},
  booktitle={ICLR},
  year={2015}
}
@inproceedings{mnih2014recurrent,
  title={Recurrent models of visual attention},
  author={Mnih, Volodymyr and Heess, Nicolas and Graves, Alex and Kavukcuoglu, Koray},
  booktitle={NIPS},
  year={2014}
}
@inproceedings{xu2015show,
  title={Show, attend and tell: Neural image caption generation with visual attention},
  author={Xu, Kelvin and Ba, Jimmy and Kiros, Ryan and Cho, Kyunghyun and Courville, Aaron and Salakhudinov, Ruslan and Zemel, Rich and Bengio, Yoshua},
  booktitle={ICML},
  year={2015}
}

@article{diba2016efficient,
  title={Efficient two-stream motion and appearance 3d cnns for video classification},
  author={Diba, Ali and Pazandeh, Ali Mohammad and Van Gool, Luc},
  journal={arXiv preprint arXiv:1608.08851},
  year={2016}
} 
@inproceedings{xu2018fully,
  title={Fully-Coupled Two-Stream Spatiotemporal Networks for Extremely Low Resolution Action Recognition},
  author={Xu, Mingze and Sharghi, Aidean and Chen, Xin and Crandall, David J},
  booktitle={WACV},
  year={2018},
}

@inproceedings{feichtenhofer2016convolutional,
  title={Convolutional two-stream network fusion for video action recognition},
  author={Feichtenhofer, Christoph and Pinz, Axel and Zisserman, Andrew},
  booktitle={CVPR},
  year={2016}
}

@article{li2018videolstm,
  title={VideoLSTM convolves, attends and flows for action recognition},
  author={Li, Zhenyang and Gavrilyuk, Kirill and Gavves, Efstratios and Jain, Mihir and Snoek, Cees GM},
  journal={CVIU},
  year={2018},
}

@inproceedings{wang2017residual,
  title={Residual attention network for image classification},
  author={Wang, Fei and Jiang, Mengqing and Qian, Chen and Yang, Shuo and Li, Cheng and Zhang, Honggang and Wang, Xiaogang and Tang, Xiaoou},
  booktitle={CVPR},
  year={2017}
}

@article{liu2018end,
  title={End-to-End Multi-Task Learning with Attention},
  author={Liu, Shikun and Johns, Edward and Davison, Andrew J},
  journal={arXiv preprint arXiv:1803.10704},
  year={2018}
}

@inproceedings{wang2016temporal,
  title={Temporal segment networks: Towards good practices for deep action recognition},
  author={Wang, Limin and Xiong, Yuanjun and Wang, Zhe and Qiao, Yu and Lin, Dahua and Tang, Xiaoou and Van Gool, Luc},
  booktitle={ECCV},
  year={2016},
}

@inproceedings{simonyan2014two,
  title={Two-stream convolutional networks for action recognition in videos},
  author={Simonyan, Karen and Zisserman, Andrew},
  booktitle={NIPS},
  year={2014}
}
@inproceedings{carreira2017quo,
  title={Quo vadis, action recognition? a new model and the kinetics dataset},
  author={Carreira, Joao and Zisserman, Andrew},
  booktitle={CVPR},
  year={2017},
}

@inproceedings{fan2018end,
  title={End-to-End Learning of Motion Representation for Video Understanding},
  author={Fan, Lijie and Huang, Wenbing and Chuang Gan, Stefano Ermon and Gong, Boqing and Huang, Junzhou},
  booktitle={CVPR},
  year={2018}
}

@inproceedings{qiu2017learning,
  title={Learning spatio-temporal representation with pseudo-3d residual networks},
  author={Qiu, Zhaofan and Yao, Ting and Mei, Tao},
  booktitle={ICCV},
  year={2017},
}
@inproceedings{ng2016actionflownet,
  title={Actionflownet: Learning motion representation for action recognition},
  author={Ng, Joe Yue-Hei and Choi, Jonghyun and Neumann, Jan and Davis, Larry S},
  booktitle={WACV},
  year={2018}
}

@inproceedings{Zagoruyko2017AT,
    author = {Sergey Zagoruyko and Nikos Komodakis},
    title = {Paying More Attention to Attention: Improving the Performance of
             Convolutional Neural Networks via Attention Transfer},
    booktitle = {ICLR},
    url = {https://arxiv.org/abs/1612.03928},
    year = {2017}}
    
@article{poppe2010survey,
  title={A survey on vision-based human action recognition},
  author={Poppe, Ronald},
  journal={Image and vision computing},
  year={2010},
}
@inproceedings{yue2015beyond,
  title={Beyond short snippets: Deep networks for video classification},
  author={Yue-Hei Ng, Joe and Hausknecht, Matthew and Vijayanarasimhan, Sudheendra and Vinyals, Oriol and Monga, Rajat and Toderici, George},
  booktitle={CVPR},
  year={2015}
}    

@inproceedings{sevilla2017integration,
  title={On the integration of optical flow and action recognition},
  author={Sevilla-Lara, Laura and Liao, Yiyi and Guney, Fatma and Jampani, Varun and Geiger, Andreas and Black, Michael J},
  booktitle={CVPR},
  year={2018}
}

@article{zhu2017hidden,
  title={Hidden two-stream convolutional networks for action recognition},
  author={Zhu, Yi and Lan, Zhenzhong and Newsam, Shawn and Hauptmann, Alexander G},
  journal={arXiv preprint arXiv:1704.00389},
  year={2017}
}
@inproceedings{zhou2017temporal,
  title={Temporal relational reasoning in videos},
  author={Zhou, Bolei and Andonian, Alex and Torralba, Antonio},
  booktitle={ECCV},
  year={2018}
}
@article{frintrop2010computational,
  title={Computational visual attention systems and their cognitive foundations: A survey},
  author={Frintrop, Simone and Rome, Erich and Christensen, Henrik I},
  journal={ACM Transactions on Applied Perception (TAP)},
  year={2010},
  publisher={ACM}
}

@inproceedings{jang2016categorical,
  title={Categorical reparameterization with gumbel-softmax},
  author={Jang, Eric and Gu, Shixiang and Poole, Ben},
  booktitle={ICLR},
  year={2017}
}

@inproceedings{Soomro2012UCF101AD,
  title={{UCF}101: A Dataset of 101 Human Actions Classes From Videos in The Wild},
  author={Soomro, K. and Roshan Zamir, A. and Shah, M},
  booktitle={CRCV-TR-12-01},
  year={2012},
}

@article{perez2013tv,
  title={TV-L1 optical flow estimation},
  author={P{\'e}rez, Javier S{\'a}nchez and Meinhardt-Llopis, Enric and Facciolo, Gabriele},
  journal={IPOL},
  year={2013}
}
@inproceedings{selvaraju2017grad,
  title={Grad-{CAM}: Visual Explanations from Deep Networks via Gradient-Based Localization.},
  author={Selvaraju, Ramprasaath R and Cogswell, Michael and Das, Abhishek and Vedantam, Ramakrishna and Parikh, Devi and Batra, Dhruv and others},
  booktitle={ICCV},
  year={2017}
}

@inproceedings{zhai2006visual,
  title={Visual attention detection in video sequences using spatiotemporal cues},
  author={Zhai, Yun and Shah, Mubarak},
  booktitle={Proceedings of the 14th ACM international conference on Multimedia},
  pages={815--824},
  year={2006},
}
@inproceedings{wei2018learning,
  title={Learning and Using the Arrow of Time},
  author={Wei, Donglai and Lim, Joseph J and Zisserman, Andrew and Freeman, William T},
  booktitle={CVPR},
  year={2018}
}
@inproceedings{maddison2016concrete,
  title={The concrete distribution: A continuous relaxation of discrete random variables},
  author={Maddison, Chris J and Mnih, Andriy and Teh, Yee Whye},
  booktitle={ICLR},
  year={2017}
}
@inproceedings{tran2015learning,
  title={Learning spatiotemporal features with 3d convolutional networks},
  author={Tran, Du and Bourdev, Lubomir and Fergus, Rob and Torresani, Lorenzo and Paluri, Manohar},
  booktitle={ICCV},
  year={2015}
}
@inproceedings{misra2016cross,
  title={Cross-stitch networks for multi-task learning},
  author={Misra, Ishan and Shrivastava, Abhinav and Gupta, Abhinav and Hebert, Martial},
  booktitle={CVPR},
  year={2016}
}
@inproceedings{ma2002model,
  title={A model of motion attention for video skimming},
  author={Ma, Yu-Fei and Zhang, Hong-Jiang},
  booktitle={Image Processing. 2002. Proceedings. 2002 International Conference on},
  volume={1},
  pages={I--I},
  year={2002},
}

@inproceedings{donahue2015long,
  title={Long-term recurrent convolutional networks for visual recognition and description},
  author={Donahue, Jeffrey and Anne Hendricks, Lisa and Guadarrama, Sergio and Rohrbach, Marcus and Venugopalan, Subhashini and Saenko, Kate and Darrell, Trevor},
  booktitle={CVPR},
  year={2015}
}
@inproceedings{wang2013action,
  title={Action recognition with improved trajectories},
  author={Wang, Heng and Schmid, Cordelia},
  booktitle={ICCV},
  year={2013}
}
@inproceedings{buciluǎ2006model,
  title={Model compression},
  author={Buciluǎ, Cristian and Caruana, Rich and Niculescu-Mizil, Alexandru},
  booktitle={SIGKDD},
  year={2006},
}
% added refs
@InProceedings{Feichtenhofer_2018_CVPR,
author = {Feichtenhofer, Christoph and Pinz, Axel and Wildes, Richard P. and Zisserman, Andrew},
title = {What Have We Learned From Deep Representations for Action Recognition?},
booktitle = {CVPR},
year = {2018}
}
@InProceedings{Hara_2018_CVPR,
author = {Hara, Kensho and Kataoka, Hirokatsu and Satoh, Yutaka},
title = {Can Spatiotemporal 3D CNNs Retrace the History of 2D CNNs and ImageNet?},
booktitle = {CVPR},
year = {2018}
}
@InProceedings{Tran_2018_CVPR,
author = {Tran, Du and Wang, Heng and Torresani, Lorenzo and Ray, Jamie and LeCun, Yann and Paluri, Manohar},
title = {A Closer Look at Spatiotemporal Convolutions for Action Recognition},
booktitle = {CVPR},
year = {2018}
}
@article{idrees2017thumos,
  title={The THUMOS challenge on action recognition for videos “in the wild”},
  author={Idrees, Haroon and Zamir, Amir R and Jiang, Yu-Gang and Gorban, Alex and Laptev, Ivan and Sukthankar, Rahul and Shah, Mubarak},
  journal={CVIU},
  year={2017},
}
@InProceedings{Xie_2018_ECCV,
author = {Xie, Saining and Sun, Chen and Huang, Jonathan and Tu, Zhuowen and Murphy, Kevin},
title = {Rethinking Spatiotemporal Feature Learning: Speed-Accuracy Trade-offs in Video Classification},
booktitle = {ECCV},
year = {2018}
}
@InProceedings{Sun_2018_CVPR,
author = {Sun, Shuyang and Kuang, Zhanghui and Sheng, Lu and Ouyang, Wanli and Zhang, Wei},
title = {Optical Flow Guided Feature: A Fast and Robust Motion Representation for Video Action Recognition},
booktitle = {CVPR},
year = {2018}
}
@inproceedings{goyal2017something,
  title={The” something something” video database for learning and evaluating visual common sense},
  author={Goyal, Raghav and Kahou, Samira Ebrahimi and Michalski, Vincent and Materzynska, Joanna and Westphal, Susanne and Kim, Heuna and Haenel, Valentin and Fruend, Ingo and Yianilos, Peter and Mueller-Freitag, Moritz and others},
  booktitle={ICCV},
  year={2017}
}
@article{hochreiter1997long,
  title={Long short-term memory},
  author={Hochreiter, Sepp and Schmidhuber, J{\"u}rgen},
  journal={Neural computation},
  year={1997},
  publisher={MIT Press}
}
@inproceedings{kuehne2011hmdb,
  title={{HMDB}: a large video database for human motion recognition},
  author={Kuehne, Hildegard and Jhuang, Hueihan and Garrote, Est{\'\i}baliz and Poggio, Tomaso and Serre, Thomas},
  booktitle={ICCV},
  year={2011},
}
@article{gao2009discriminant,
  title={Discriminant saliency, the detection of suspicious coincidences, and applications to visual recognition},
  author={Gao, Dashan and Han, Sunhyoung and Vasconcelos, Nuno},
  journal={TPAMI},
  year={2009},
  publisher={IEEE}
}
@inproceedings{oliva2003top,
  title={Top-down control of visual attention in object detection},
  author={Oliva, Aude and Torralba, Antonio and Castelhano, Monica S and Henderson, John M},
  booktitle={ICIP},
  year={2003},
}
@inproceedings{sharma2015action,
  title={Action recognition using visual attention},
  author={Sharma, Shikhar and Kiros, Ryan and Salakhutdinov, Ruslan},
  booktitle={ICLR Workshop},
  year={2016}
}
@inproceedings{Girdhar_17b_AttentionalPoolingAction,
    title = {Attentional Pooling for Action Recognition},
    author = {Girdhar, Rohit and Ramanan, Deva},
    booktitle = {NIPS},
    year = 2017
}
@inproceedings{gregNIPS,
  title = {Action is in the Eye of the Beholder: Eye-gaze Driven Model for Spatio-Temporal Action Localization},
  author = {Shapovalova, Nataliya and Raptis, Michalis and Sigal, Leonid and Mori, Greg},
  booktitle = {NIPS},
  year = {2013},
}
@inproceedings{mathe,
  title={Dynamic eye movement datasets and learnt saliency models for visual action recognition},
  author={Mathe, Stefan and Sminchisescu, Cristian},
  booktitle={ECCV},
  editor={Fitzgibbon, Andrew and Lazebnik, Svetlana and Perona, Pietro and Sato, Yoichi and Schmid, Cordelia},
  year={2012},
}
@inproceedings{vaswani2017attention,
  title={Attention is all you need},
  author={Vaswani, Ashish and Shazeer, Noam and Parmar, Niki and Uszkoreit, Jakob and Jones, Llion and Gomez, Aidan N and Kaiser, {\L}ukasz and Polosukhin, Illia},
  booktitle={NIPS},
  year={2017}
}
@article{mahdisoltani2018fine,
  title={Fine-grained Video Classification and Captioning},
  author={Mahdisoltani, Farzaneh and Berger, Guillaume and Gharbieh, Waseem and Fleet, David and Memisevic, Roland},
  journal={arXiv preprint arXiv:1804.09235},
  year={2018}
}
@inproceedings{hou2017deeply,
  title={Deeply supervised salient object detection with short connections},
  author={Hou, Qibin and Cheng, Ming-Ming and Hu, Xiaowei and Borji, Ali and Tu, Zhuowen and Torr, Philip},
  booktitle={CVPR},
  year={2017},
}
@inproceedings{oquab2015object,
  title={Is object localization for free?-weakly-supervised learning with convolutional neural networks},
  author={Oquab, Maxime and Bottou, L{\'e}on and Laptev, Ivan and Sivic, Josef},
  booktitle={CVPR},
  year={2015}
}